@inbook{mwi1,
    author = {David Solomon and Mark Russinovich},
    title = {Microsoft Windows Internals, Part 1 6th Edition},
    publisher = {Microsoft Press},
    chapter = {1},
    year = {2012}}

@inbook{lkd4,
    author = {R. Love},
    title = {Linux Kernel Development},
    publisher = {Pearson Education International},
    chapter = {4},
    year = {2010}}

@inbook{mwi5,
    author = {David Solomon and Mark Russinovich},
    title = {Microsoft Windows Internals, Part 1 6th Edition},
    publisher = {Microsoft Press},
    chapter = {5},
    year = {2012}}

@misc{syslogd,
    title = "syslogd",
    organization = {die.net},
    howpublished = "\url{http://linux.die.net/man/8/syslogd}",
    note = "[Online; accessed 22-April-2016]"}

@inbook{mwi2,
    author = {David Solomon and Mark Russinovich},
    title = {Microsoft Windows Internals, Part 1 6th Edition},
    publisher = {Microsoft Press},
    chapter = {2},
    year = {2012}}

@inbook{lkd3,
    author = {R. Love},
    title = {Linux Kernel Development},
    publisher = {Pearson Education International},
    chapter = {3},
    year = {2010}}

@inbook{mwi5,
    author = {David Solomon and Mark Russinovich},
    title = {Microsoft Windows Internals, Part 1 6th Edition},
    publisher = {Microsoft Press},
    chapter = {5},
    year = {2012}}

@misc{philosophy,
    title = "Basics of the Unix Philosophy",
    organization = {faqs.org},
    howpublished = "\url{http://www.faqs.org/docs/artu/ch01s06.html}",
    note = "[Online; accessed 22-April-2016]"}

@misc{pthread1,
    title = "Linux Tutorial: POSIX Threads",
    organization = {yolinux.com},
    howpublished = "\url{http://www.yolinux.com/TUTORIALS/LinuxTutorialPosixThreads.html}",
    note = "[Online; accessed 22-April-2016]"}

@misc{PsCreateSystemThread,
    title = "System Threads",
    organization = {Chemnitz University of Technology},
    howpublished = "\url{https://www-user.tu-chemnitz.de/~heha/oney_wdm/ch09e.htm}",
    note = "[Online; accessed 22-April-2016]"}
